@Article {fenn-dtk2006b,
author  = {J{\"u}rgen Fenn},
title   = {{\emph{Der {\LaTeX}-Begleiter} von Frank
           Mittelbach, Michel Goossens u .\, a .}},
issn    = {1434-5897},
journal = {Example Journal},
year    = 2006,
month   = jul,
volume  = {3/06},
pages   = {59--68}
}

@Article {dean-mapreduce,
    author = {Jeffrey Dean and Sanjay Ghemawat},
    title = {MapReduce: Simplified Data Processing on Large Clusters},
    journal = {OSDI},
    year = 2004,
}
@Article {zaharia,
    author = {Matei Zaharia et al.},
    title = {Spark: Cluster Computing with Working Sets}
}
